@article{Quiz:1,
  author    = {{\'{A}}d{\'{a}}m D. Lelkes and
               Vinh Q. Tran and
               Cong Yu},
  title     = {Quiz-Style Question Generation for News Stories},
  journal   = {CoRR},
  volume    = {abs/2102.09094},
  year      = {2021},
  url       = {https://arxiv.org/abs/2102.09094},
  eprinttype = {arXiv},
  eprint    = {2102.09094},
  timestamp = {Fri, 26 Feb 2021 14:31:25 +0100},
  biburl    = {https://dblp.org/rec/journals/corr/abs-2102-09094.bib},
  bibsource = {dblp computer science bibliography, https://dblp.org}
}

@article{RACE:2,
  author    = {Guokun Lai and
               Qizhe Xie and
               Hanxiao Liu and
               Yiming Yang and
               Eduard H. Hovy},
  title     = {{RACE:} Large-scale ReAding Comprehension Dataset From Examinations},
  journal   = {CoRR},
  volume    = {abs/1704.04683},
  year      = {2017},
  url       = {http://arxiv.org/abs/1704.04683},
  eprinttype = {arXiv},
  eprint    = {1704.04683},
  timestamp = {Mon, 13 Aug 2018 16:47:20 +0200},
  biburl    = {https://dblp.org/rec/journals/corr/LaiXLYH17.bib},
  bibsource = {dblp computer science bibliography, https://dblp.org}
}

@article{Difficulty:3,
  author    = {Yifan Gao and
               Jianan Wang and
               Lidong Bing and
               Irwin King and
               Michael R. Lyu},
  title     = {Difficulty Controllable Question Generation for Reading Comprehension},
  journal   = {CoRR},
  volume    = {abs/1807.03586},
  year      = {2018},
  url       = {http://arxiv.org/abs/1807.03586},
  eprinttype = {arXiv},
  eprint    = {1807.03586},
  timestamp = {Wed, 13 May 2020 12:45:24 +0200},
  biburl    = {https://dblp.org/rec/journals/corr/abs-1807-03586.bib},
  bibsource = {dblp computer science bibliography, https://dblp.org}
}

@misc{gpt-j:4,
  author = {Wang, Ben and Komatsuzaki, Aran},
  title = {{GPT-J-6B: A 6 Billion Parameter Autoregressive Language Model}},
  howpublished = {\url{https://github.com/kingoflolz/mesh-transformer-jax}},
  year = 2021,
  month = May
}

@article{relevancy:5,
  author    = {Shiran Dudy and
               Steven Bedrick and
               Bonnie Webber},
  title     = {Refocusing on Relevance: Personalization in {NLG}},
  journal   = {CoRR},
  volume    = {abs/2109.05140},
  year      = {2021},
  url       = {https://arxiv.org/abs/2109.05140},
  eprinttype = {arXiv},
  eprint    = {2109.05140},
  timestamp = {Tue, 21 Sep 2021 17:46:04 +0200},
  biburl    = {https://dblp.org/rec/journals/corr/abs-2109-05140.bib},
  bibsource = {dblp computer science bibliography, https://dblp.org}
}

@article{fluency:6,
  author    = {Asli Celikyilmaz and
               Elizabeth Clark and
               Jianfeng Gao},
  title     = {Evaluation of Text Generation: {A} Survey},
  journal   = {CoRR},
  volume    = {abs/2006.14799},
  year      = {2020},
  url       = {https://arxiv.org/abs/2006.14799},
  eprinttype = {arXiv},
  eprint    = {2006.14799},
  timestamp = {Wed, 03 Mar 2021 07:40:24 +0100},
  biburl    = {https://dblp.org/rec/journals/corr/abs-2006-14799.bib},
  bibsource = {dblp computer science bibliography, https://dblp.org}
}

@article{human-eval:7,
  author    = {Asli Celikyilmaz and
               Elizabeth Clark and
               Jianfeng Gao},
  title     = {Evaluation of Text Generation: {A} Survey},
  journal   = {CoRR},
  volume    = {abs/2006.14799},
  year      = {2020},
  url       = {https://arxiv.org/abs/2006.14799},
  eprinttype = {arXiv},
  eprint    = {2006.14799},
  timestamp = {Wed, 03 Mar 2021 07:40:24 +0100},
  biburl    = {https://dblp.org/rec/journals/corr/abs-2006-14799.bib},
  bibsource = {dblp computer science bibliography, https://dblp.org}
}

@article{adaptive-education:8,
  author    = {Megha Srivastava and
               Noah D. Goodman},
  title     = {Question Generation for Adaptive Education},
  journal   = {CoRR},
  volume    = {abs/2106.04262},
  year      = {2021},
  url       = {https://arxiv.org/abs/2106.04262},
  eprinttype = {arXiv},
  eprint    = {2106.04262},
  timestamp = {Fri, 24 Dec 2021 20:50:20 +0100},
  biburl    = {https://dblp.org/rec/journals/corr/abs-2106-04262.bib},
  bibsource = {dblp computer science bibliography, https://dblp.org}
}
